%% This BibTeX bibliography file was created using BibDesk.
%% http://bibdesk.sourceforge.net/


%% Created for yalei song at 2015-05-03 17:51:35 -0700 


%% Saved with string encoding Unicode (UTF-8) 



@webpage{pamela:translation_telephone,
	Author = {Pamela Fox},
	Date-Added = {2015-05-04 00:37:54 +0000},
	Date-Modified = {2015-05-04 00:51:19 +0000},
	Keywords = {Translation Telephon},
	Title = {Translation Telephone},
	Url = {http://www.translation-telephone.com}}

@webpage{laerd:standard_score,
	Author = {Laerd Statistics},
	Date-Added = {2015-05-03 23:01:21 +0000},
	Date-Modified = {2015-05-03 23:11:56 +0000},
	Title = {Standard Score},
	Url = {https://statistics.laerd.com/statistical-guides/standard-score.php},
	Bdsk-Url-1 = {https://statistics.laerd.com/statistical-guides/standard-score.php}}

@webpage{wp:standard_score_wiki,
	Author = {Wikipedia},
	Date-Added = {2015-05-03 00:48:58 +0000},
	Date-Modified = {2015-05-03 01:24:44 +0000},
	Keywords = {wikipedia},
	Month = {Feb},
	Rating = {5},
	Read = {1},
	Title = {Standard Score},
	Url = {http://en.wikipedia.org/wiki/Standard_score},
	Year = {2015},
	Bdsk-Url-1 = {http://en.wikipedia.org/wiki/Standard_score}}

@article{bowman:reasoning,
	Author = {Mic Bowman and Saumya K. Debray and Larry L. Peterson},
	Journal = {ACM Trans. Program. Lang. Syst.},
	Month = {November},
	Number = {5},
	Pages = {795-825},
	Title = {Reasoning About Naming Systems},
	Volume = {15},
	Year = {1993}}

@article{braams:babel,
	Author = {Johannes Braams},
	Journal = {TUGboat},
	Month = {June},
	Number = {2},
	Pages = {291-301},
	Title = {Babel, a Multilingual Style-Option System for Use with LaTeX's Standard Document Styles},
	Volume = {12},
	Year = {1991}}

@inproceedings{clark:pct,
	Author = {Malcolm Clark},
	Booktitle = {TeX90 Conference Proceedings},
	Month = {March},
	Organization = {TeX Users Group},
	Pages = {84-89},
	Title = {Post Congress Tristesse},
	Year = {1991}}

@article{herlihy:methodology,
	Author = {Maurice Herlihy},
	Journal = {ACM Trans. Program. Lang. Syst.},
	Month = {November},
	Number = {5},
	Pages = {745-770},
	Title = {A Methodology for Implementing Highly Concurrent Data Objects},
	Volume = {15},
	Year = {1993}}

@book{Lamport:LaTeX,
	Address = {Reading, Massachusetts},
	Author = {Leslie Lamport},
	Publisher = {Addison-Wesley Publishing Company},
	Title = {LaTeX User's Guide and Document Reference Manual},
	Year = {1986}}

@book{salas:calculus,
	Address = {New York},
	Author = {S.L. Salas and Einar Hille},
	Publisher = {John Wiley and Sons},
	Title = {Calculus: One and Several Variable},
	Year = {1978}}
